@ARTICLE{Beg2021,
  author={Beg, Marijan and Taka, Juliette and Kluyver, Thomas and Konovalov, Alexander and Ragan-Kelley, Min and Thi√©ry, Nicolas M. and Fangohr, Hans},
  journal={Computing in Science and Engineering}, 
  title={Using {J}upyter for Reproducible Scientific Workflows}, 
  year={2021},
  volume={23},
  number={2},
  pages={36-46},
  doi={10.1109/MCSE.2021.3052101}
}