@ARTICLE{Beg2021,
  author={Beg, Marijan and Taka, Juliette and Kluyver, Thomas and Konovalov, Alexander and Ragan-Kelley, Min and Thi√©ry, Nicolas M. and Fangohr, Hans},
  journal={Computing in Science and Engineering}, 
  title={Using {J}upyter for Reproducible Scientific Workflows}, 
  year={2021},
  volume={23},
  number={2},
  pages={36-46},
  doi={10.1109/MCSE.2021.3052101}
}

@article{ellsworth2013injection,
  title={Injection-induced earthquakes},
  author={Ellsworth, William L},
  journal={Science},
  volume={341},
  number={6142},
  year={2013},
  publisher={American Association for the Advancement of Science}
}

@article{hincks2018oklahoma,
  title={Oklahoma's induced seismicity strongly linked to wastewater injection depth},
  author={Hincks, Thea and Aspinall, Willy and Cooke, Roger and Gernon, Thomas},
  journal={Science},
  volume={359},
  number={6381},
  pages={1251--1255},
  year={2018},
  publisher={American Association for the Advancement of Science}
}

@article{wozniakowska2020machine,
  title={Machine Learning-Based Analysis of Geological Susceptibility to Induced Seismicity in the Montney Formation, Canada},
  author={Wozniakowska, Paulina and Eaton, David W},
  journal={Geophysical Research Letters},
  volume={47},
  number={22},
  pages={e2020GL089651},
  year={2020},
  publisher={Wiley Online Library}
}